10400000         20350754800011023738901PP   0000   0079000006000000790 PM VARZEA GRANDE              CAIXA                                   20306202203161600048105001600                                                      000            
10400011C3001030 20350754800011023738906000301      0079000006000000790 PM VARZEA GRANDE                                                      AV CASTELO BRANCO             02500               VARZEA GRANDE       78110000MT        00        
1040001300001A0000001040079000037000059086 EDILENE DE OLVEIRA            000001              03062022BRL000000000000000000000000153203000664804   01N0  0103062022000000000153203                                        06          000        
1040001300002B   100079473695934R 15 QD 29 C 2                00000               PQ DO SABIA    VARZEA GRANDE       78110000MT0306202200000000000000000000000000000000000000000000000000000000000000000000000000000000000000000000000000000000 
1040001300003A0000001040079000007960203483 MARIA APARECIDA DA SILVA ALVES000001              03062022BRL000000000000000000000000363458000664805   01N0  0103062022000000000363458                                        06          000        
1040001300004B   100070112002153RUA ANTONIO MARIA QUADRA 54 N 00003               JARDIM ITORORO VARZEA GRANDE       78138800MT0306202200000000000000000000000000000000000000000000000000000000000000000000000000000000000000000000000000000000 
1040001300005A0000001040079000007960122963 PAULO PAES DA CONEICAO        000002              03062022BRL000000000000000000000000110151000664806   01N0  0103062022000000000110151                                        06          000        
1040001300006B   100020741200104PERNAMBUCO                    00000               NOVA VARZEA GRAVARZEA GRANDE       78158210MT0306202200000000000000000000000000000000000000000000000000000000000000000000000000000000000000000000000000000000 
1040001300007A0000001040079000007960027910 RAFAEL FRANCISCO VASCONCELOS O000003              03062022BRL000000000000000000000000187130000664807   01N0  0103062022000000000187130                                        06          000        
1040001300008B   100000172942152ULISSES POMPEU DE CAMPOS      00000               CENTRO         VARZEA GRANDE       78110000MT0306202200000000000000000000000000000000000000000000000000000000000000000000000000000000000000000000000000000000 
1040001300009A0000001040079000007960017132 ROSARIA FATIMA DE ALMEIDA CAMA000004              03062022BRL000000000000000000000000155023000664808   01N0  0103062022000000000155023                                        06          000        
1040001300010B   100038425300134EMILIA JACINTA NETO           00001               PARQUE PAIAGUAIVARZEA GRANDE       78148580MT0306202200000000000000000000000000000000000000000000000000000000000000000000000000000000000000000000000000000000 
1040001300011A0000001040079000007960183059 MAYRA CRISTINA GRIGGI MOREIRA 000005              03062022BRL000000000000000000000000155023000664809   01N0  0103062022000000000155023                                        06          000        
1040001300012B   100092484158149TRINTA                        00005               COHAB PRIMAVERAVARZEA GRANDE       78132682MT0306202200000000000000000000000000000000000000000000000000000000000000000000000000000000000000000000000000000000 
1040001300013A0000001040079000007960232394 LINDINALVA DE ARRUDA          000006              03062022BRL000000000000000000000000191939000664810   01N0  0103062022000000000191939                                        06          000        
1040001300014B   100003342432110FRANCISCO MONTEIRO            00004               CENTRO         VARZEA GRANDE       78110000MT0306202200000000000000000000000000000000000000000000000000000000000000000000000000000000000000000000000000000000 
1040001300015A0000001040079000007960017116 THAIS OLIVEIRA DE MORAES LOPES000007              03062022BRL000000000000000000000000167301000664811   01N0  0103062022000000000167301                                        06          000        
1040001300016B   100005525886103PRESIDENTE JOAO CARLOS PIMENTE00000               COHAB CRISTO REVARZEA GRANDE       78118276MT0306202200000000000000000000000000000000000000000000000000000000000000000000000000000000000000000000000000000000 
1040001300017A0000001040079000007960218189 LUANNY MAYRA BARBALHO SILVA MO000008              03062022BRL000000000000000000000000122133000664812   01N0  0103062022000000000122133                                        06          000        
1040001300018B   100004099780198PALMITAL                      00123               PRAEIRO        CUIABA              78070510MT0306202200000000000000000000000000000000000000000000000000000000000000000000000000000000000000000000000000000000 
1040001300019A0000001040079000007960231525 LOZIMEIRE CASSIA ARAUJO DA SIL000009              03062022BRL000000000000000000000000167301000664813   01N0  0103062022000000000167301                                        06          000        
1040001300020B   100036309133187PRINCIPAL                     00003               DISTRITO PRAIA VARZEA GRANDE       78110000MT0306202200000000000000000000000000000000000000000000000000000000000000000000000000000000000000000000000000000000 
1040001300021A0000001040079000007466844015 LAURA CONSUELO DE AMORIM      000010              03062022BRL000000000000000000000000083858000664814   01N0  0103062022000000000083858                                        06          000        
1040001300022B   100078087724100SANTA CATARINA                00059               CIDADE VERDE   CUIABA              78028710MT0306202200000000000000000000000000000000000000000000000000000000000000000000000000000000000000000000000000000000 
10400015         000024000000000001856520000000000000000000000000                                                                                                                                                                     00        
10499999         000001000026000000                                                                                                                                                                                                             
