10400000         20350754800011023738901PP   0000   0079000006000000790 PREF MUN DE VARZEA GRANDE MT  CAIXA                                   20306202209512800063508001600                                                      000            
REMESSA ACEITA PARA PROCESSAMENTO                                                                                                                                                                                                               
10499999         000001000001000000                                                                                                                                                                                                             
